Automatically generated by Mendeley Desktop 1.19.5
Any changes to this file will be lost if it is regenerated by Mendeley.

BibTeX export options can be customized via Options -> BibTeX in Mendeley Desktop

@article{provos2007ghost,
author = {Provos, Niels and McNamee, Dean and Mavrommatis, Panayiotis and Wang, Ke and Modadugu, Nagendra and Others},
journal = {HotBots},
pages = {4},
title = {{The Ghost in the Browser: Analysis of Web-based Malware.}},
volume = {7},
year = {2007}
}
@book{Evans2010,
author = {Evans, Karen and Reeder, Franklin S.},
file = {:home/kronork/Documents/Uni/Masterarbeit/Literatur/1/101111{\_}Evans{\_}HumanCapital{\_}Web.pdf:pdf},
isbn = {978-0-89206-609-4},
issn = {0892066091},
number = {November},
pages = {35},
title = {{A human capital crisis in cybersecurity : technical proficiency matters : a report of the CSIS Commission on Cybersecurity for the 44th Presidency}},
year = {2010}
}
@inproceedings{Alswailem2019,
author = {Alswailem, Amani and Alabdullah, Bashayr and Alrumayh, Norah and Alsedrani, Aram},
booktitle = {2019 2nd International Conference on Computer Applications {\&} Information Security (ICCAIS)},
doi = {10.1109/CAIS.2019.8769571},
file = {:home/kronork/Documents/Uni/Masterarbeit/Literatur/3/Detecting Phishing Websites Using Machine Learning.pdf:pdf},
isbn = {978-1-7281-0108-8},
month = {may},
pages = {1--6},
publisher = {IEEE},
title = {{Detecting Phishing Websites Using Machine Learning}},
year = {2019}
}
@article{Han2019,
author = {Han, Weijie and Xue, Jingfeng and Wang, Yong and Liu, Zhenyan and Kong, Zixiao},
doi = {10.1016/j.jnca.2018.10.022},
file = {:home/kronork/Documents/Uni/Masterarbeit/Literatur/2/MalInsight$\backslash$: A systematic profiling based malware detection framework
.pdf:pdf},
issn = {10848045},
journal = {Journal of Network and Computer Applications},
keywords = {Malware classification,Malware detection,Systematic profiling},
month = {jan},
number = {June 2018},
pages = {236--250},
publisher = {Elsevier Ltd},
title = {{MalInsight: A systematic profiling based malware detection framework}},
volume = {125},
year = {2019}
}
@inproceedings{Qin2018,
author = {Qin, Yinuo and Li, Bo and Yang, Mao and Yan, Zhongjiang},
booktitle = {2018 IEEE International Conference on Signal Processing, Communications and Computing (ICSPCC)},
doi = {10.1109/ICSPCC.2018.8567797},
file = {:home/kronork/Documents/Uni/Masterarbeit/Literatur/3/Attack Detection for Wireless Enterprise Network$\backslash$: a Machine Learning Approach.pdf:pdf},
isbn = {978-1-5386-7946-3},
month = {sep},
pages = {1--6},
publisher = {IEEE},
title = {{Attack Detection for Wireless Enterprise Network: a Machine Learning Approach}},
year = {2018}
}
@article{anderson2017evading,
author = {Anderson, Hyrum S and Kharkar, Anant and Filar, Bobby and Roth, Phil},
journal = {Black Hat},
title = {{Evading machine learning malware detection}},
year = {2017}
}
@article{Jeong2019,
author = {Jeong, Young-Seob and Woo, Jiyoung and Kang, Ah Reum},
doi = {10.1155/2019/8485365},
file = {:home/kronork/Documents/Uni/Masterarbeit/Literatur/3/Malware Detection on Byte Streams of PDF Files Using.pdf:pdf},
issn = {1939-0114},
journal = {Security and Communication Networks},
month = {apr},
pages = {1--9},
title = {{Malware Detection on Byte Streams of PDF Files Using Convolutional Neural Networks}},
volume = {2019},
year = {2019}
}
@inproceedings{Teoh2018,
author = {Teoh, T. T. and Chiew, Graeme and Franco, Edwin J. and Ng, P. C. and Benjamin, M.P and Goh, Y. J.},
booktitle = {2018 International Conference on Smart Computing and Electronic Enterprise (ICSCEE)},
doi = {10.1109/ICSCEE.2018.8538395},
file = {:home/kronork/Documents/Uni/Masterarbeit/Literatur/3/Anomaly detection in cyber security attacks on networks using MLP deep learning.pdf:pdf},
isbn = {978-1-5386-4836-0},
keywords = {C4.5,ID3,J48,Multilayer Perceptron (MLP),WEKA,big data,cyber security,decision trees,deep learning,information security,machine learning},
pages = {1--5},
publisher = {IEEE},
title = {{Anomaly detection in cyber security attacks on networks using MLP deep learning}},
year = {2018}
}
@book{Sikorski2012,
author = {Sikorski, Michael},
file = {:home/kronork/Documents/Uni/Masterarbeit/Literatur/1/Practical{\_}Malware{\_}Analysis.pdf:pdf},
isbn = {9781593272906},
pages = {802},
title = {{Praise for Practical Malware Analysis}},
url = {https://lira.epac.to/DOCS-TECH/Hacking/Practical Malware Analysis.pdf},
year = {2012}
}
@inproceedings{He2017,
author = {He, Zecheng and Zhang, Tianwei and Lee, Ruby B.},
booktitle = {2017 IEEE 4th International Conference on Cyber Security and Cloud Computing (CSCloud)},
doi = {10.1109/CSCloud.2017.58},
file = {:home/kronork/.local/share/data/Mendeley Ltd./Mendeley Desktop/Downloaded/He, Zhang, Lee - 2017 - Machine Learning Based DDoS Attack Detection from Source Side in Cloud.pdf:pdf},
isbn = {978-1-5090-6644-5},
keywords = {Cloud Computing,Cloud Provider,DDOS attack,Machine Learning,Virtual Machine Monitor},
pages = {114--120},
publisher = {IEEE},
title = {{Machine Learning Based DDoS Attack Detection from Source Side in Cloud}},
year = {2017}
}
@article{rhode2018early,
author = {Rhode, Matilda and Burnap, Pete and Jones, Kevin},
journal = {computers {\&} security},
pages = {578--594},
publisher = {Elsevier},
title = {{Early-stage malware prediction using recurrent neural networks}},
volume = {77},
year = {2018}
}
@inproceedings{Das2018,
author = {Das, Anirban and Shen, Min-Yi and Shashanka, Madhu and Wang, Jisheng},
booktitle = {2017 16th IEEE International Conference on Machine Learning and Applications (ICMLA)},
doi = {10.1109/ICMLA.2017.00-71},
file = {:home/kronork/.local/share/data/Mendeley Ltd./Mendeley Desktop/Downloaded/Das et al. - 2018 - Detection of exfiltration and tunneling over DNS.pdf:pdf},
isbn = {978-1-5386-1418-1},
keywords = {C{\&}C,DNS,DNS tunnel,IOC,exfiltration,indicator of compromise,machine learning},
month = {dec},
pages = {737--742},
publisher = {IEEE},
title = {{Detection of Exfiltration and Tunneling over DNS}},
volume = {2018-Janua},
year = {2017}
}
@article{Li2019,
author = {Li, Yi and Xiong, Kaiqi and Chin, Tommy and Hu, Chengbin},
doi = {10.1109/ACCESS.2019.2891588},
file = {:home/kronork/Documents/Uni/Masterarbeit/Literatur/2/A Machine Learning Framework for Domain.pdf:pdf},
issn = {2169-3536},
journal = {IEEE Access},
keywords = {Malware,domain generation algorithm,machine learning,networking,security},
pages = {32765--32782},
title = {{A Machine Learning Framework for Domain Generation Algorithm-Based Malware Detection}},
volume = {7},
year = {2019}
}
@article{Sabar2018,
author = {Sabar, Nasser R. and Yi, Xun and Song, Andy},
doi = {10.1109/ACCESS.2018.2801792},
file = {:home/kronork/Documents/Uni/Masterarbeit/Literatur/3/A Bi-objective Hyper-Heuristic Support Vector Machines for Big Data Cyber-Security.pdf:pdf},
issn = {2169-3536},
journal = {IEEE Access},
keywords = {Hyper-heuristics,big data,cyber security,optimisation},
pages = {10421--10431},
publisher = {IEEE},
title = {{A Bi-objective Hyper-Heuristic Support Vector Machines for Big Data Cyber-Security}},
volume = {6},
year = {2018}
}
@article{Vinayakumar2019,
author = {Vinayakumar, R. and Alazab, Mamoun and Soman, K. P. and Poornachandran, Prabaharan and Venkatraman, Sitalakshmi},
doi = {10.1109/ACCESS.2019.2906934},
file = {:home/kronork/Documents/Uni/Masterarbeit/Literatur/3/Robust Intelligent Malware Detection Using Deep Learning.pdf:pdf},
issn = {2169-3536},
journal = {IEEE Access},
keywords = {Artificial intelligence,Cyber security,Cybercrime,Deep learning,Image processing,Machine learning,Malware detection,Scalable and hybrid framework,Static and dynamic analysis},
pages = {46717--46738},
publisher = {IEEE},
title = {{Robust Intelligent Malware Detection Using Deep Learning}},
volume = {7},
year = {2019}
}
@misc{AV-TEST2019,
author = {AV-TEST},
keywords = {internet},
title = {{Malware Statistics {\&} Trends Report}},
url = {https://www.av-test.org/en/statistics/malware/},
urldate = {2019-10-08},
year = {2019}
}
@article{VidyavardhakaCollegeofEngineering2017,
abstract = {Conference location: Mysuru, India. "CFP17N05-PRT"--PDF cover.},
author = {{Robin Tommy, Gullapudi Sundeep}, Hima Jose},
file = {:home/kronork/Documents/Uni/Masterarbeit/Literatur/2/Automatic Detection and Correction of Vulnerabilities using Machine Learning.pdf:pdf},
isbn = {9781538632437},
journal = {2017 International Conference on Current Trends in Computer, Electrical, Electronics and Communication (CTCEEC)},
pages = {1062--1065},
publisher = {IEEE},
title = {{Automatic Detection and Correction of Vulnerabilities using Machine Learning}},
year = {2017}
}
@article{he2017model,
author = {He, Pei and Deng, Zelin and Gao, Chongzhi and Wang, Xiuni and Li, Jin},
journal = {Soft Computing},
number = {18},
pages = {5413--5423},
publisher = {Springer},
title = {{Model approach to grammatical evolution: deep-structured analyzing of model and representation}},
volume = {21},
year = {2017}
}
@inproceedings{Maniath2018,
author = {Maniath, Sumith and Ashok, Aravind and Poornachandran, Prabaharan and Sujadevi, V. G. and Sankar, A U Prem and Jan, Srinath},
booktitle = {2017 Recent Developments in Control, Automation {\&} Power Engineering (RDCAPE)},
doi = {10.1109/RDCAPE.2017.8358312},
file = {:home/kronork/Documents/Uni/Masterarbeit/Literatur/2/Deep learning LSTM based ransomware detection.pdf:pdf},
isbn = {978-1-5090-3978-4},
keywords = {Component,Deep Learning,LSTM,Ransomware},
pages = {442--446},
publisher = {IEEE},
title = {{Deep learning LSTM based ransomware detection}},
volume = {3},
year = {2017}
}
@inproceedings{8190895,
author = {Choi, Sunoh and Jang, Sungwook and Kim, Youngsoo and Kim, Jonghyun},
booktitle = {2017 International Conference on Information and Communication Technology Convergence (ICTC)},
doi = {10.1109/ICTC.2017.8190895},
isbn = {978-1-5090-4032-2},
keywords = {Deep Learning,Malware Detection,benign files,deep learning,dynamic analysis,invasive software,learning (artificial intelligence),malware detection,malware images,static analysis},
month = {oct},
pages = {1193--1195},
publisher = {IEEE},
title = {{Malware detection using malware image and deep learning}},
year = {2017}
}
@article{Mathur2018,
author = {Mathur, Lakshya and Raheja, Mayank and Ahlawat, Prachi},
doi = {10.1016/j.procs.2018.05.137},
file = {:home/kronork/Documents/Uni/Masterarbeit/Literatur/3/Botnet Detection via mining of network traffic flow.pdf:pdf},
issn = {18770509},
journal = {Procedia Computer Science},
keywords = {botnet detection,classifier,diversity,logistic regression,machine learning,network flow,zombie},
pages = {1668--1677},
publisher = {Elsevier B.V.},
title = {{Botnet Detection via mining of network traffic flow}},
volume = {132},
year = {2018}
}
@misc{Bitkome.V.2017,
author = {Bitkom e.V.},
title = {{Cybercrime: Jeder zweite Internetnutzer wurde Opfer}},
url = {https://www.bitkom.org/Presse/Presseinformation/Cybercrime-Jeder-zweite-Internetnutzer-wurde-Opfer.html},
urldate = {2019-10-01},
year = {2017}
}
@article{More2016,
author = {More, Shraddha S. and Gaikwad, Pranit P.},
doi = {10.1016/j.procs.2016.03.084},
file = {:home/kronork/Documents/Uni/Masterarbeit/Literatur/2/Trust-based Voting Method for Efficient Malware Detection.pdf:pdf},
issn = {18770509},
journal = {Procedia Computer Science},
keywords = {Computer security,Data Mining,Ensemble,Feature Extraction,Feature selection,Machine learning,Majority voting,Malware,Veto Voting},
pages = {657--667},
publisher = {Elsevier Masson SAS},
title = {{Trust-based Voting Method for Efficient Malware Detection}},
volume = {79},
year = {2016}
}
@article{Roma2017,
author = {{Choi, Sunoh and Jang, Sungwook and Kim, Youngsoo and Kim}, Jonghyun},
file = {:home/kronork/Documents/Uni/Masterarbeit/Literatur/2/Malware detection using malware image and deep learning.pdf:pdf},
isbn = {9781509040322},
journal = {IEEE},
pages = {1193--1195},
title = {{Malware Detection using Malware Image and Deep Learning}},
year = {2017}
}
@article{Buczak2016,
annote = {DOI: 10.1109/COMST.2015.2494502
URL: http://ieeexplore.ieee.org/document/7307098/},
author = {Buczak, Anna L. and Guven, Erhan},
file = {:home/kronork/Documents/Uni/Masterarbeit/Literatur/2/A Survey of Data Mining and Machine Learning Methods for Cyber Security Intrusion Detection.pdf:pdf},
journal = {IEEE Communications Surveys {\&} Tutorials},
keywords = {Cyber Analytics,Data Mining,Machine Learning},
number = {2},
pages = {1153--1176},
publisher = {IEEE},
title = {{A Survey of Data Mining and Machine Learning Methods for Cyber Security Intrusion Detection}},
volume = {18},
year = {2016}
}
@inproceedings{chapman1999crisp,
author = {Chapman, Pete and Clinton, Julian and Kerber, Randy and Khabaza, Thomas and Reinartz, Thomas and Shearer, Colin and Wirth, R{\"{u}}diger},
booktitle = {4th CRISP-DM SIG Workshop in Brussels in March},
title = {{The CRISP-DM user guide}},
volume = {1999},
year = {1999}
}
@inproceedings{Raff2017,
address = {New York, New York, USA},
author = {Raff, Edward and Sylvester, Jared and Nicholas, Charles},
booktitle = {Proceedings of the 10th ACM Workshop on Artificial Intelligence and Security - AISec '17},
doi = {10.1145/3128572.3140442},
file = {:home/kronork/Documents/Uni/Masterarbeit/Literatur/3/Learning the PE Header, Malware Detection with Minimal Domain Knowledge:},
isbn = {9781450352024},
keywords = {Cyber security,Deep learning,Malware detection},
pages = {121--132},
publisher = {ACM Press},
title = {{Learning the PE Header, Malware Detection with Minimal Domain Knowledge}},
year = {2017}
}
@inproceedings{Yeo2018,
author = {Yeo, M. and Koo, Y. and Yoon, Y. and Hwang, T. and Ryu, J. and Song, J. and Park, C.},
booktitle = {2018 International Conference on Information Networking (ICOIN)},
doi = {10.1109/ICOIN.2018.8343255},
file = {:home/kronork/Documents/Uni/Masterarbeit/Literatur/3/Flow-based malware detection using convolutional neural network:},
isbn = {978-1-5386-2290-2},
issn = {19767684},
keywords = {Deep learning,Flow-based malware classification,Machine learning,Malware detection,Traffic calssification},
pages = {910--913},
publisher = {IEEE},
title = {{Flow-based malware detection using convolutional neural network}},
volume = {2018-Janua},
year = {2018}
}
@article{Aldwairi2018,
author = {Aldwairi, Tamer and Perera, Dilina and Novotny, Mark A.},
doi = {10.1016/j.comnet.2018.07.025},
file = {:home/kronork/Documents/Uni/Masterarbeit/Literatur/3/AnevaluationoftheperformanceofRestrictedBoltzmannMachinesasamodelforanomalynetworkintrusiondetection.pdf:pdf},
issn = {13891286},
journal = {Computer Networks},
keywords = {Anomaly Network Intrusion Detection Systems,Cybersecurity,ISCX dataset,Machine learning,NetFlow traffic,Restricted Boltzmann Machine},
pages = {111--119},
publisher = {Elsevier B.V.},
title = {{An evaluation of the performance of Restricted Boltzmann Machines as a model for anomaly network intrusion detection}},
volume = {144},
year = {2018}
}
@inproceedings{siracusano2018detection,
author = {Siracusano, Michael and Shiaeles, Stavros and Ghita, Bogdan},
booktitle = {2018 Global Information Infrastructure and Networking Symposium (GIIS)},
organization = {IEEE},
pages = {1--6},
title = {{Detection of LDDoS Attacks Based on TCP Connection Parameters}},
year = {2018}
}
@article{Brown2018,
author = {Brown, Andy and Tuor, Aaron and Hutchinson, Brian and Nichols, Nicole},
file = {:home/kronork/Documents/Uni/Masterarbeit/Literatur/3/Recurrent Neural Network Attention Mechanisms for Interpretable System Log Anomaly Detection:},
isbn = {9781450358651},
journal = {Proceedings of the First Workshop on Machine Learning for Computing Systems},
keywords = {anomaly detection,attention,inter-,online training,pretable machine learning,recurrent neural networks,system log analysis},
pages = {1},
title = {{Recurrent Neural Network Attention Mechanisms for Interpretable System Log Anomaly Detection}},
year = {2018}
}
@misc{csic,
author = {{Carmen Torrano Gim{\'{e}}nez, Alejandro P{\'{e}}rez Villegas}, Gonzalo {\'{A}}lvarez Mara{\~{n}}{\'{o}}n.},
keywords = {internet},
title = {{CSIC 2010 HTTP dataset}},
url = {http://www.isi.csic.es/dataset/},
year = {2010}
}
@article{raff2018investigation,
author = {Raff, Edward and Zak, Richard and Cox, Russell and Sylvester, Jared and Yacci, Paul and Ward, Rebecca and Tracy, Anna and McLean, Mark and Nicholas, Charles},
journal = {Journal of Computer Virology and Hacking Techniques},
number = {1},
pages = {1--20},
publisher = {Springer},
title = {{An investigation of byte n-gram features for malware classification}},
volume = {14},
year = {2018}
}
@article{Le2019,
author = {Le, Duc C. and {Nur Zincir-Heywood}, A.},
file = {:home/kronork/Documents/Uni/Masterarbeit/Literatur/3/Machine learning based Insider Threat Modelling and Detection.pdf:pdf},
isbn = {9783903176157},
journal = {2019 IFIP/IEEE Symposium on Integrated Network and Service Management, IM 2019},
keywords = {Cyber-security,Insider threat,Machine learning},
pages = {1--6},
publisher = {IFIP},
title = {{Machine learning based insider threat modelling and detection}},
year = {2019}
}
@misc{SmartVisionEurop,
author = {SmartVisionEurope},
keywords = {internet},
title = {{CRISP-DM Methodology}},
url = {http://crisp-dm.eu/home/crisp-dm-methodology/},
urldate = {2019-10-18},
year = {2015}
}
@inproceedings{Jayaprakash2018,
author = {Jayaprakash, Souparnika and Kandasamy, Kamalanathan},
booktitle = {2018 Second International Conference on Inventive Communication and Computational Technologies (ICICCT)},
doi = {10.1109/ICICCT.2018.8473029},
file = {:home/kronork/Documents/Uni/Masterarbeit/Literatur/2/Database Intrusion Detection System Using Octraplet and Machine Learning.pdf:pdf},
isbn = {978-1-5386-1974-2},
keywords = {Database Security,Naive Bayes Classifier,Octraplet,Role based access con-trol},
month = {apr},
number = {Icicct},
pages = {1413--1416},
publisher = {IEEE},
title = {{Database Intrusion Detection System Using Octraplet and Machine Learning}},
year = {2018}
}
@article{Webster2002,
archivePrefix = {arXiv},
arxivId = {02767783},
author = {Webster, Jane and Watson, Richard T},
doi = {10.1.1.104.6570},
eprint = {02767783},
file = {:home/kronork/Documents/Uni/Masterarbeit/Literatur/1/Webster{\&}Watson.pdf:pdf},
isbn = {02767783},
issn = {02767783},
journal = {MIS Quarterly},
keywords = {ACADEMIC discourse,ARTICLES (Published materials),LITERATURE reviews,PEER review of academic writing,SCHOLARLY publishing -- Evaluation},
number = {2},
pages = {xiii -- xxiii},
pmid = {15917194},
title = {{Analyzing the Past to Prepare for the Future: Writing a Literature Review.}},
volume = {26},
year = {2002}
}
@inproceedings{Chen2019,
address = {New York, New York, USA},
author = {Chen, Xunxun and Li, Gaochao and Zhang, Yongzheng and Wu, Xiao and Tian, Changbo},
booktitle = {Proceedings of the 2019 2nd International Conference on Information Science and Systems - ICISS 2019},
doi = {10.1145/3322645.3322679},
file = {:home/kronork/Documents/Uni/Masterarbeit/Literatur/2/A Deep Learning Based Fast-Flux and CDN Domain
Names Recognition Method:},
isbn = {9781450361033},
keywords = {CDN,Fast-Flux service network,LSTM},
pages = {54--59},
publisher = {ACM Press},
title = {{A Deep Learning Based Fast-Flux and CDN Domain Names Recognition Method}},
volume = {Part F1483},
year = {2019}
}
@article{Javed2019,
author = {Javed, Amir and Burnap, Pete and Rana, Omer},
doi = {10.1016/j.ipm.2018.02.003},
file = {:home/kronork/Documents/Uni/Masterarbeit/Literatur/3/Prediction of drive-by download attacks on Twitter.pdf:pdf},
issn = {03064573},
journal = {Information Processing {\&} Management},
keywords = {Cyber security,Drive-by download,Machine learning,Malware,Web security},
month = {may},
number = {3},
pages = {1133--1145},
publisher = {Elsevier},
title = {{Prediction of drive-by download attacks on Twitter}},
volume = {56},
year = {2019}
}
@inproceedings{Aksu2019,
author = {Aksu, Dogukan and {Ali Aydin}, M.},
booktitle = {2018 International Congress on Big Data, Deep Learning and Fighting Cyber Terrorism (IBIGDELFT)},
doi = {10.1109/IBIGDELFT.2018.8625370},
file = {:home/kronork/Documents/Uni/Masterarbeit/Literatur/3/Detecting Port Scan Attempts with Comparative.pdf:pdf},
isbn = {978-1-7281-0472-0},
keywords = {CI-CIDS2017,Cyber Terror,Deep Learning,IDS,SVM},
pages = {77--80},
publisher = {IEEE},
title = {{Detecting Port Scan Attempts with Comparative Analysis of Deep Learning and Support Vector Machine Algorithms}},
year = {2018}
}
@article{Kumar2017,
author = {Kumar, Ajit and Kuppusamy, K.S. and Aghila, G.},
doi = {10.1016/j.jksuci.2017.01.003},
file = {:home/kronork/Documents/Uni/Masterarbeit/Literatur/2/A learning model to detect maliciousness of portable executable usingintegrated feature set.pdf:pdf},
issn = {13191578},
journal = {Journal of King Saud University - Computer and Information Sciences},
keywords = {Integrated features,Machine learning,Malware,Portable executable},
number = {2},
pages = {252--265},
publisher = {King Saud University},
title = {{A learning model to detect maliciousness of portable executable using integrated feature set}},
volume = {31},
year = {2017}
}
@inproceedings{Bearden2018,
author = {Bearden, Ruth and Lo, Dan Chai-Tien},
booktitle = {2017 IEEE International Conference on Big Data (Big Data)},
doi = {10.1109/BigData.2017.8258483},
file = {:home/kronork/Documents/Uni/Masterarbeit/Literatur/2/Automated Microsoft Office Macro Malware.pdf:pdf},
isbn = {978-1-5386-2715-0},
keywords = {Microsoft Office,machine learning,macro,malware,p-code},
pages = {4448--4452},
publisher = {IEEE},
title = {{Automated microsoft office macro malware detection using machine learning}},
volume = {2018-Janua},
year = {2017}
}
@inproceedings{Ding2018,
address = {New York, New York, USA},
author = {Ding, Yalei and Zhai, Yuqing},
booktitle = {Proceedings of the 2018 2nd International Conference on Computer Science and Artificial Intelligence - CSAI '18},
doi = {10.1145/3297156.3297230},
file = {:home/kronork/Documents/Uni/Masterarbeit/Literatur/3/Intrusion Detection System for NSL-KDD Dataset Using Convolutional Neural Networks .pdf:pdf},
isbn = {9781450366069},
keywords = {Convolution Neural Networks,Deep learning,Intrusion Detection System,NSL-KDD},
pages = {81--85},
publisher = {ACM Press},
title = {{Intrusion Detection System for NSL-KDD Dataset Using Convolutional Neural Networks}},
year = {2018}
}
@article{Cybercrime2017,
author = {Bundeskriminalamt},
file = {:home/kronork/Downloads/cybercrimeBundeslagebild2017.pdf:pdf},
title = {{Cybercrime, Bundeslagebild 2017}},
year = {2018}
}
@article{Shijo2015,
annote = {DOI: 10.1016/j.procs.2015.02.149
URL: http://dx.doi.org/10.1016/j.procs.2015.02.149},
author = {Shijo, P.V. and Salim, A.},
file = {:home/kronork/Documents/Uni/Masterarbeit/Literatur/2/Integrated static and dynamic analysis for malware detection.pdf:pdf},
journal = {Procedia Computer Science},
keywords = {Dynamic analysis,Feature Extraction,Machine learning,Malicious software,Malware classification,Malware detection,N-gram,Static analysis},
number = {Icict 2014},
pages = {804--811},
publisher = {Elsevier Masson SAS},
title = {{Integrated Static and Dynamic Analysis for Malware Detection}},
volume = {46},
year = {2015}
}
@article{Yin2017,
author = {Yin, Chuanlong and Zhu, Yuefei and Fei, Jinlong and He, Xinzheng},
doi = {10.1109/ACCESS.2017.2762418},
file = {:home/kronork/Documents/Uni/Masterarbeit/Literatur/3/A Deep Learning Approach for Intrusion.pdf:pdf},
issn = {2169-3536},
journal = {IEEE Access},
keywords = {RNN-IDS,Recurrent neural networks,deep learning,intrusion detection,machine learning},
pages = {21954--21961},
title = {{A Deep Learning Approach for Intrusion Detection Using Recurrent Neural Networks}},
volume = {5},
year = {2017}
}
@inproceedings{singh2016novel,
author = {Singh, Monika and Bansal, Divya and Sofat, Sanjeev},
booktitle = {Proceedings of the 6th International Conference on Communication and Network Security},
organization = {ACM},
pages = {75--79},
title = {{A Novel Technique to Characterize Social Network Users: Comparative Study}},
year = {2016}
}
@inproceedings{Hendler2018,
address = {New York, New York, USA},
author = {Hendler, Danny and Kels, Shay and Rubin, Amir},
booktitle = {Proceedings of the 2018 on Asia Conference on Computer and Communications Security - ASIACCS '18},
doi = {10.1145/3196494.3196511},
file = {:home/kronork/Documents/Uni/Masterarbeit/Literatur/2/Detecting Malicious PowerShell Commands using Deep Neural Networks .pdf:pdf},
isbn = {9781450355766},
keywords = {Deep learning,Malware detection,Natural language processing,Neural networks,PowerShell},
pages = {187--197},
publisher = {ACM Press},
title = {{Detecting Malicious PowerShell Commands using Deep Neural Networks}},
year = {2018}
}
@article{Cohen2016,
author = {Cohen, Aviad and Nissim, Nir and Rokach, Lior and Elovici, Yuval},
doi = {10.1016/j.eswa.2016.07.010},
file = {:home/kronork/Documents/Uni/Masterarbeit/Literatur/3/SFEM$\backslash$: Structural Feature Extraction Methodology for the Detection of Malicious Office Documents Using Machine Learning Methods..pdf:pdf},
issn = {09574174},
journal = {Expert Systems with Applications},
keywords = {Document,Machine learning,Malware detection,Microsoft office open xml,Static analysis,Structural features},
pages = {324--343},
publisher = {Elsevier Ltd},
title = {{SFEM: Structural feature extraction methodology for the detection of malicious office documents using machine learning methods}},
volume = {63},
year = {2016}
}
@techreport{Microsoft2019,
author = {Microsoft},
keywords = {internet},
title = {{MICROSOFT SECURITY INTELLIGENCE REPORT}},
url = {https://clouddamcdnprodep.azureedge.net/gdc/gdc6fw6Tl/original},
year = {2019}
}
@inproceedings{Pham2016,
author = {Pham, Truong Son and Hoang, Tuan Hao and Vu, Van Canh},
booktitle = {2016 Eighth International Conference on Knowledge and Systems Engineering (KSE)},
doi = {10.1109/KSE.2016.7758069},
file = {:home/kronork/Documents/Uni/Masterarbeit/Literatur/3/Machine learning techniques for web intrusion detection — A comparison.pdf:pdf},
isbn = {978-1-4673-8929-7},
keywords = {anomaly intrusion detection,intrusion detection system,machine learning techniques comparison,web application security,web attacks},
pages = {291--297},
publisher = {IEEE},
title = {{Machine learning techniques for web intrusion detection — A comparison}},
year = {2016}
}
